<?xml version="1.0" encoding="UTF-8"?><collection xmlns="http://www.loc.gov/MARC21/slim"><record><leader>00350nam--2200133-i-4500</leader><controlfield tag="001">000029031</controlfield><controlfield tag="002">20161230</controlfield><controlfield tag="005">20161230201037</controlfield><controlfield tag="008">060222s1000------------r-----000-0-eng-d</controlfield><datafield ind1=" " ind2=" " tag="080"><subfield code="a">681.3.069</subfield></datafield><datafield ind1=" " ind2=" " tag="100"><subfield code="a">Leventhal, Lance A</subfield></datafield><datafield ind1=" " ind2=" " tag="245"><subfield code="a">8080a/8085 assembly language programming</subfield></datafield><datafield ind1=" " ind2=" " tag="260"><subfield code="a">Berkeley, Osborne/Mcgraw-hill, 1978, /P.Dif.</subfield></datafield><datafield ind1=" " ind2=" " tag="852"><subfield code="a">47026</subfield></datafield></record></collection>